<?xml version="1.0" encoding="UTF-8"?><record xmlns="http://www.loc.gov/MARC21/slim" xmlns:cinclude="http://apache.org/cocoon/include/1.0" xmlns:zs="http://www.loc.gov/zing/srw/">
  <leader>00551cz  a2200157n  4500</leader>
  <controlfield tag="001">no2006067807</controlfield>
  <controlfield tag="003">DLC</controlfield>
  <controlfield tag="005">20130323093306.0</controlfield>
  <controlfield tag="008">060605n| azannaabn          |a aaa     c</controlfield>
  <datafield tag="010" ind1=" " ind2=" ">
    <subfield code="a">no2006067807</subfield>
  </datafield>
  <datafield tag="035" ind1=" " ind2=" ">
    <subfield code="a">(OCoLC)oca06983841</subfield>
  </datafield>
  <datafield tag="040" ind1=" " ind2=" ">
    <subfield code="a">Vi</subfield>
    <subfield code="b">eng</subfield>
    <subfield code="e">rda</subfield>
    <subfield code="c">Vi</subfield>
    <subfield code="d">DLC</subfield>
  </datafield>
  <datafield tag="046" ind1=" " ind2=" ">
    <subfield code="f">1630~</subfield>
    <subfield code="g">1686</subfield>
    <subfield code="2">edtf</subfield>
  </datafield>
  <datafield tag="100" ind1="0" ind2=" ">
    <subfield code="a">Cockacoeske,</subfield>
    <subfield code="d">approximately 1630-1686</subfield>
  </datafield>
  <datafield tag="400" ind1="0" ind2=" ">
    <subfield code="w">nnea</subfield>
    <subfield code="a">Cockacoeske,</subfield>
    <subfield code="d">ca. 1630-1686</subfield>
  </datafield>
  <datafield tag="670" ind1=" " ind2=" ">
    <subfield code="a">2004 Virginia women in history, 2004?:</subfield>
    <subfield code="b">caption (Cockacoeske, b. ca. 1630; Queen of the Pamunkey tribe and descendent of Chief Powhatan; d. 1686)</subfield>
  </datafield>
</record>